@inproceedings{Nichols:2012:SSE:2166966.2166999,
 author = {Nichols, Jeffrey and Mahmud, Jalal and Drews, Clemens},
 title = {Summarizing sporting events using twitter},
 booktitle = {Proceedings of the 2012 ACM international conference on Intelligent User Interfaces},
 series = {IUI '12},
 year = {2012},
 isbn = {978-1-4503-1048-2},
 location = {Lisbon, Portugal},
 pages = {189--198},
 numpages = {10},
 url = {http://doi.acm.org.prox.lib.ncsu.edu/10.1145/2166966.2166999},
 doi = {10.1145/2166966.2166999},
 acmid = {2166999},
 publisher = {ACM},
 address = {New York, NY, USA},
 keywords = {implicit crowdsourcing, journalism, social media, status updates},
} 

@inproceedings{Sharifi:2010:SMA:1857999.1858099,
 author = {Sharifi, Beaux and Hutton, Mark-Anthony and Kalita, Jugal},
 title = {Summarizing microblogs automatically},
 booktitle = {Human Language Technologies: The 2010 Annual Conference of the North American Chapter of the Association for Computational Linguistics},
 series = {HLT '10},
 year = {2010},
 isbn = {1-932432-65-5},
 location = {Los Angeles, California},
 pages = {685--688},
 numpages = {4},
 url = {http://dl.acm.org/citation.cfm?id=1857999.1858099},
 acmid = {1858099},
 publisher = {Association for Computational Linguistics},
 address = {Stroudsburg, PA, USA},
} 

@inproceedings{Sriram:2010:STC:1835449.1835643,
 author = {Sriram, Bharath and Fuhry, Dave and Demir, Engin and Ferhatosmanoglu, Hakan and Demirbas, Murat},
 title = {Short text classification in twitter to improve information filtering},
 booktitle = {Proceedings of the 33rd international ACM SIGIR conference on Research and development in information retrieval},
 series = {SIGIR '10},
 year = {2010},
 isbn = {978-1-4503-0153-4},
 location = {Geneva, Switzerland},
 pages = {841--842},
 numpages = {2},
 url = {http://doi.acm.org/10.1145/1835449.1835643},
 doi = {10.1145/1835449.1835643},
 acmid = {1835643},
 publisher = {ACM},
 address = {New York, NY, USA},
 keywords = {classification, feature selection, short text, twitter},
} 

@inproceedings{DBLP:conf/icwsm/ChakrabartiP11,
  author    = {Deepayan Chakrabarti and
               Kunal Punera},
  title     = {Event Summarization Using Tweets},
  booktitle = {ICWSM},
  year      = {2011},
  ee        = {http://www.aaai.org/ocs/index.php/ICWSM/ICWSM11/paper/view/2885},
  crossref  = {DBLP:conf/icwsm/2011},
  bibsource = {DBLP, http://dblp.uni-trier.de}
}

@inproceedings{DBLP:conf/icwsm/OConnorKA10,
  author    = {Brendan O'Connor and
               Michel Krieger and
               David Ahn},
  title     = {TweetMotif: Exploratory Search and Topic Summarization for
               Twitter},
  booktitle = {ICWSM},
  year      = {2010},
  ee        = {http://www.aaai.org/ocs/index.php/ICWSM/ICWSM10/paper/view/1540},
  crossref  = {DBLP:conf/icwsm/2010},
  bibsource = {DBLP, http://dblp.uni-trier.de}
}

@inproceedings{Sakaki:2010:EST:1772690.1772777,
 author = {Sakaki, Takeshi and Okazaki, Makoto and Matsuo, Yutaka},
 title = {Earthquake shakes Twitter users: real-time event detection by social sensors},
 booktitle = {Proceedings of the 19th international conference on World wide web},
 series = {WWW '10},
 year = {2010},
 isbn = {978-1-60558-799-8},
 location = {Raleigh, North Carolina, USA},
 pages = {851--860},
 numpages = {10},
 url = {http://doi.acm.org/10.1145/1772690.1772777},
 doi = {10.1145/1772690.1772777},
 acmid = {1772777},
 publisher = {ACM},
 address = {New York, NY, USA},
 keywords = {Twitter, earthquake, event detection, location estimation, social sensor},
} 

@inproceedings{Pelleg:2000:XEK:645529.657808,
 author = {Pelleg, Dan and Moore, Andrew W.},
 title = {X-means: Extending K-means with Efficient Estimation of the Number of Clusters},
 booktitle = {Proceedings of the Seventeenth International Conference on Machine Learning},
 series = {ICML '00},
 year = {2000},
 isbn = {1-55860-707-2},
 pages = {727--734},
 numpages = {8},
 url = {http://dl.acm.org.prox.lib.ncsu.edu/citation.cfm?id=645529.657808},
 acmid = {657808},
 publisher = {Morgan Kaufmann Publishers Inc.},
 address = {San Francisco, CA, USA},
} 


@inproceedings{Gupta:2010:DNC:1798337.1798433,
 author = {Gupta, Ujjwal Das and Menon, Vinay and Babbar, Uday},
 title = {Detecting the Number of Clusters during Expectation-Maximization Clustering Using Information Criterion},
 booktitle = {Proceedings of the 2010 Second International Conference on Machine Learning and Computing},
 series = {ICMLC '10},
 year = {2010},
 isbn = {978-0-7695-3977-5},
 pages = {169--173},
 numpages = {5},
 url = {http://dx.doi.org.prox.lib.ncsu.edu/10.1109/ICMLC.2010.47},
 doi = {10.1109/ICMLC.2010.47},
 acmid = {1798433},
 publisher = {IEEE Computer Society},
 address = {Washington, DC, USA},
 keywords = {clustering, unsupervised learning, expectation-maximization, mixture of gaussians},
} 

@article{DBLP:journals/corr/abs-0911-1583,
  author    = {Johan Bollen and
               Alberto Pepe and
               Huina Mao},
  title     = {Modeling public mood and emotion: Twitter sentiment and
               socio-economic phenomena},
  journal   = {CoRR},
  volume    = {abs/0911.1583},
  year      = {2009},
  ee        = {http://arxiv.org/abs/0911.1583},
  bibsource = {DBLP, http://dblp.uni-trier.de}
}

@inproceedings{Barzilay:1999:IFC:1034678.1034760,
 author = {Barzilay, Regina and McKeown, Kathleen R. and Elhadad, Michael},
 title = {Information fusion in the context of multi-document summarization},
 booktitle = {Proceedings of the 37th annual meeting of the Association for Computational Linguistics on Computational Linguistics},
 series = {ACL '99},
 year = {1999},
 isbn = {1-55860-609-3},
 location = {College Park, Maryland},
 pages = {550--557},
 numpages = {8},
 url = {http://dx.doi.org/10.3115/1034678.1034760},
 doi = {10.3115/1034678.1034760},
 acmid = {1034760},
 publisher = {Association for Computational Linguistics},
 address = {Stroudsburg, PA, USA},
} 

@MISC{twitterstats,
author = {Twitter},
title = {A blog post about twitter statistics and spammers},
month = April,
year = {2012},
url = {http://blog.twitter.com/2012/04/shutting-down-spammers.html}
}

@MISC{stanfordcorenlplink,
author = {The Stanford Natural Language Processing Group},
title = {A Suite of Core NLP Tools},
url = {http://nlp.stanford.edu/software/corenlp.shtml}
}

@article{DBLP:journals/sigkdd/HallFHPRW09,
  author    = {Mark Hall and
               Eibe Frank and
               Geoffrey Holmes and
               Bernhard Pfahringer and
               Peter Reutemann and
               Ian H. Witten},
  title     = {The WEKA data mining software: an update},
  journal   = {SIGKDD Explorations},
  volume    = {11},
  number    = {1},
  year      = {2009},
  pages     = {10-18},
  ee        = {http://doi.acm.org/10.1145/1656274.1656278},
  bibsource = {DBLP, http://dblp.uni-trier.de}
}